@misc{HouTengYouTaiXunHuiserusumanWenTiTSPNoJiBenDenaJiekiFang2021,
  title = {{巡回セールスマン問題(TSP)の基本的な解き方(ILS)}},
  author = {後藤優太},
  year = {2021},
  month = nov,
  journal = {フューチャー技術ブログ},
  urldate = {2023-11-12},
  abstract = {SAIGアルバイトの後藤です。業務では、アルゴリズムの知識を用いた既存処理の高速化やスケジュールの自動作成による業務の効率化を行っています。 配送計画問題など、最適化問題に属する社会課題は、部分問題に巡回セールスマン問題(TSP: Travelling Salesman Problem)を含むことが少なくありません。したがってTSPの基本的なアプローチを知っていることは重要です。TSPは組合せ},
  howpublished = {\url{https://future-architect.github.io/articles/20211201a/index.html}},
  langid = {japanese},
  file = {C\:\\Users\\Sugar\\Zotero\\storage\\DUNAYWPM\\20211201a.html}
}

@misc{InfographicsOperationCosts2016,
  title = {Infographics: {{Operation Costs}} in {{CPU Clock Cycles}}},
  shorttitle = {Infographics},
  year = {2016},
  month = sep,
  journal = {IT Hare on Soft.ware},
  urldate = {2023-11-12},
  abstract = {Quote:"Back in 80s, it was possible to calculate the speed of the program just by looking at assembly."Another Quote:"keep in mind that these days compilers tend to ignore inline specifications more often than not"[\textrightarrow ]},
  chapter = {Optimizations},
  howpublished = {\url{http://ithare.com/infographics-operation-costs-in-cpu-clock-cycles/}},
  langid = {american},
  file = {C\:\\Users\\Sugar\\Zotero\\storage\\YCYDFYFQ\\infographics-operation-costs-in-cpu-clock-cycles.html}
}

@article{YiLangSinpurunatitupuJianburituziJieSokGouZao2022,
  title = {シンプルなチップ間ブリッジ接続構造},
  author = {一郎, 河野 and 伸治, 脇坂 and 俊明, 廣田 and 高志, 斉藤 and 健, 鵜川 and 洋一郎, 栗田},
  year = {2022},
  journal = {マイクロエレクトロニクスシンポジウム論文集},
  volume = {32},
  pages = {163--166},
  doi = {10.11486/mes.32.0\_163},
  file = {C\:\\Users\\Sugar\\Zotero\\storage\\XGN9FT9P\\ja.html}
}

@article{YuKaerekutoronikusuwoQianYinKeninSuruBanDaoTiJiShu2017,
  title = {カーエレクトロニクスを牽引(けんいん)する半導体技術},
  author = {裕, 藤本},
  year = {2017},
  journal = {応用物理},
  volume = {86},
  number = {3},
  pages = {194--197},
  doi = {10.11470/oubutsu.86.3\_194},
  abstract = {地球環境に優しい車，事故を起こさない車，快適な車の実現を目指して，カーエレクトロニクスは目覚ましい進化を遂げており，今後さらに多様な技術の組み合わせで，広く深く発展を続けていくであろう．これには半導体技術の進化が不可欠であり，デバイス，回路，実装技術を中心に，ますます高機能，小型，高精度，低コスト，高信頼性が求められる．本稿では，車載半導体の現状および将来の展望について，「環境」「安心・安全」分野を中心に紹介する．},
  file = {C\:\\Users\\Sugar\\Zotero\\storage\\ZLPDCWMR\\裕 - 2017 - カーエレクトロニクスを牽引(けんいん)する半導体技術.pdf}
}

@article{YuShiTitupuretutonoGaiNianto3dIcnorapitudopurototaipingu2023,
  title = {チップレットの概念と3d-{{Icのラピッドプロトタイピング}}},
  author = {誉史, 福島},
  year = {2023},
  journal = {エレクトロニクス実装学会誌},
  volume = {26},
  number = {4},
  pages = {333--340},
  doi = {10.5104/jiep.26.333},
  file = {C\:\\Users\\Sugar\\Zotero\\storage\\STYJAAYN\\ja.html}
}

@article{ZhanZhengCheZaiBanDaoTinoDongXiangtoShiZhuangJiShunoXingFang2017,
  title = {車載半導体の動向と実装技術の行方},
  author = {展正, 植田},
  year = {2017},
  journal = {マイクロエレクトロニクスシンポジウム論文集},
  volume = {27},
  pages = {77--80},
  doi = {10.11486/mes.27.0\_77},
  file = {C\:\\Users\\Sugar\\Zotero\\storage\\FZY4AS5P\\展正 - 2017 - 車載半導体の動向と実装技術の行方.pdf;C\:\\Users\\Sugar\\Zotero\\storage\\7ZUTB2B3\\ja.html}
}

@article{JSSv008i14,
 title={Xorshift RNGs},
 volume={8},
 url={https://www.jstatsoft.org/index.php/jss/article/view/v008i14},
 doi={10.18637/jss.v008.i14},
 abstract={Description of a class of simple, extremely fast random number generators (RNGs) with periods 2k - 1 for k = 32, 64, 96, 128, 160, 192. These RNGs seem to pass tests of randomness very well.},
 number={14},
 journal={Journal of Statistical Software},
 author={Marsaglia, George},
 year={2003},
 pages={1–6}
}